@book{lamport1994latex,
  title={LATEX: a document preparation system: user's guide and reference manual},
  author={Lamport, Leslie},
  year={1994},
  publisher={Addison-wesley}
}
@inproceedings{imagenet_cvpr09,
    AUTHOR = {Deng, J. and Dong, W. and Socher, R. and Li, L.-J. and Li, K. and Fei-Fei, L.},
    TITLE = {{ImageNet: A Large-Scale Hierarchical Image Database}},
    BOOKTITLE = {CVPR09},
    YEAR = {2009},
    BIBSOURCE = "http://www.image-net.org/papers/imagenet_cvpr09.bib"}
@INPROCEEDINGS{googlenet, 
    author={C. {Szegedy} and {Wei Liu} and {Yangqing Jia} and P. {Sermanet} and S. {Reed} and D. {Anguelov} and D. {Erhan} and V. {Vanhoucke} and A. {Rabinovich}}, 
    booktitle={2015 IEEE Conference on Computer Vision and Pattern Recognition (CVPR)}, 
    title={Going deeper with convolutions}, 
    year={2015}, 
    volume={}, 
    number={}, 
    pages={1-9}, 
    keywords={convolution;decision making;feature extraction;Hebbian learning;image classification;neural net architecture;resource allocation;convolutional neural network architecture;resource utilization;architectural decision;Hebbian principle;object classification;object detection;Computer architecture;Convolutional codes;Sparse matrices;Neural networks;Visualization;Object detection;Computer vision}, 
    doi={10.1109/CVPR.2015.7298594}, 
    ISSN={1063-6919}, 
    month={June},}